@article{black2012greedy,
	title={greedy algorithm, Dictionary of Algorithms and Data Structures},
	author={Black, Paul E},
	journal={US Nat. Inst. Std. \& Tech Report},
	volume={88},
	pages={95},
	year={2012}
}

@online{adjacencymatrixdefinition,
	title={Adjacency matrix definition},
	author={Nykamp DQ},
	publisher={From Math Insight.},
	url={http://mathinsight.org/definition/adjacency_matrix}	
}

@online{mincutandkargersalgorithm,
	title={Min Cut and Karger's Algorithm : Min Cut and Karger's Algorithm},
	author={Anthony Kim},
	year={2016}
	publisher={Peng Hui How, Virginia Williams},
	url={http://web.stanford.edu/class/archive/cs/cs161/cs161.1172/CS161Lecture16.pdf}	
	month={11}
	day={28}
}
