@online{letter_frequency,
	title={letter-frequency-by-language},
	author={letterfrequency.org},
	publisher={letterfrequency.org},
	url={http://letterfrequency.org/letter-frequency-by-language/}	
}